<?xml version="1.0" encoding="UTF-8"?><collection xmlns="http://www.loc.gov/MARC21/slim"><record><leader>00453nam--2200181-u-4500</leader><controlfield tag="001">000056795</controlfield><controlfield tag="002">20190711</controlfield><controlfield tag="005">20190711043452</controlfield><controlfield tag="008">190711s1000------------r-----000-0-eng-d</controlfield><datafield ind1=" " ind2=" " tag="040"><subfield code="a">IFIN-HH</subfield></datafield><datafield ind1=" " ind2=" " tag="041"><subfield code="a">eng</subfield></datafield><datafield ind1="1" ind2=" " tag="100"><subfield code="a">COLA</subfield></datafield><datafield ind1="1" ind2="0" tag="245"><subfield code="a">11th International Conference on Laser Ablation</subfield><subfield code="c">COLA</subfield></datafield><datafield ind1=" " ind2=" " tag="260"><subfield code="a">Playa del Carmen</subfield><subfield code="c">2011</subfield></datafield><datafield ind1=" " ind2=" " tag="300"><subfield code="a">224 p</subfield></datafield><datafield ind1=" " ind2=" " tag="500"><subfield code="a">Donatie Gheorghe Dinescu</subfield></datafield><datafield ind1=" " ind2=" " tag="852"><subfield code="a">82743</subfield><subfield code="c">061.3</subfield></datafield><datafield ind1=" " ind2=" " tag="CAT"><subfield code="a">SYS</subfield><subfield code="c">20190711</subfield><subfield code="h">043452</subfield></datafield></record></collection>